%YAML 1.1
%TAG !u! tag:unity3d.com,2011:
--- !u!29 &1
OcclusionCullingSettings:
  m_ObjectHideFlags: 0
  serializedVersion: 2
  m_OcclusionBakeSettings:
    smallestOccluder: 5
    smallestHole: 0.25
    backfaceThreshold: 100
  m_SceneGUID: 00000000000000000000000000000000
  m_OcclusionCullingData: {fileID: 0}
--- !u!104 &2
RenderSettings:
  m_ObjectHideFlags: 0
  serializedVersion: 8
  m_Fog: 0
  m_FogColor: {r: 0.5, g: 0.5, b: 0.5, a: 1}
  m_FogMode: 3
  m_FogDensity: 0.01
  m_LinearFogStart: 0
  m_LinearFogEnd: 300
  m_AmbientSkyColor: {r: 0.212, g: 0.227, b: 0.259, a: 1}
  m_AmbientEquatorColor: {r: 0.114, g: 0.125, b: 0.133, a: 1}
  m_AmbientGroundColor: {r: 0.047, g: 0.043, b: 0.035, a: 1}
  m_AmbientIntensity: 1
  m_AmbientMode: 0
  m_SubtractiveShadowColor: {r: 0.42, g: 0.478, b: 0.627, a: 1}
  m_SkyboxMaterial: {fileID: 10304, guid: 0000000000000000f000000000000000, type: 0}
  m_HaloStrength: 0.5
  m_FlareStrength: 1
  m_FlareFadeSpeed: 3
  m_HaloTexture: {fileID: 0}
  m_SpotCookie: {fileID: 10001, guid: 0000000000000000e000000000000000, type: 0}
  m_DefaultReflectionMode: 0
  m_DefaultReflectionResolution: 128
  m_ReflectionBounces: 1
  m_ReflectionIntensity: 1
  m_CustomReflection: {fileID: 0}
  m_Sun: {fileID: 0}
  m_IndirectSpecularColor: {r: 0.44657898, g: 0.4964133, b: 0.5748178, a: 1}
--- !u!157 &3
LightmapSettings:
  m_ObjectHideFlags: 0
  serializedVersion: 11
  m_GIWorkflowMode: 0
  m_GISettings:
    serializedVersion: 2
    m_BounceScale: 1
    m_IndirectOutputScale: 1
    m_AlbedoBoost: 1
    m_TemporalCoherenceThreshold: 1
    m_EnvironmentLightingMode: 0
    m_EnableBakedLightmaps: 1
    m_EnableRealtimeLightmaps: 1
  m_LightmapEditorSettings:
    serializedVersion: 9
    m_Resolution: 2
    m_BakeResolution: 40
    m_TextureWidth: 1024
    m_TextureHeight: 1024
    m_AO: 0
    m_AOMaxDistance: 1
    m_CompAOExponent: 1
    m_CompAOExponentDirect: 0
    m_Padding: 2
    m_LightmapParameters: {fileID: 0}
    m_LightmapsBakeMode: 1
    m_TextureCompression: 1
    m_FinalGather: 0
    m_FinalGatherFiltering: 1
    m_FinalGatherRayCount: 256
    m_ReflectionCompression: 2
    m_MixedBakeMode: 2
    m_BakeBackend: 0
    m_PVRSampling: 1
    m_PVRDirectSampleCount: 32
    m_PVRSampleCount: 500
    m_PVRBounces: 2
    m_PVRFilterTypeDirect: 0
    m_PVRFilterTypeIndirect: 0
    m_PVRFilterTypeAO: 0
    m_PVRFilteringMode: 1
    m_PVRCulling: 1
    m_PVRFilteringGaussRadiusDirect: 1
    m_PVRFilteringGaussRadiusIndirect: 5
    m_PVRFilteringGaussRadiusAO: 2
    m_PVRFilteringAtrousPositionSigmaDirect: 0.5
    m_PVRFilteringAtrousPositionSigmaIndirect: 2
    m_PVRFilteringAtrousPositionSigmaAO: 1
    m_ShowResolutionOverlay: 1
  m_LightingDataAsset: {fileID: 0}
  m_UseShadowmask: 1
--- !u!196 &4
NavMeshSettings:
  serializedVersion: 2
  m_ObjectHideFlags: 0
  m_BuildSettings:
    serializedVersion: 2
    agentTypeID: 0
    agentRadius: 0.5
    agentHeight: 2
    agentSlope: 45
    agentClimb: 0.4
    ledgeDropHeight: 0
    maxJumpAcrossDistance: 0
    minRegionArea: 2
    manualCellSize: 0
    cellSize: 0.16666667
    manualTileSize: 0
    tileSize: 256
    accuratePlacement: 0
    debug:
      m_Flags: 0
  m_NavMeshData: {fileID: 0}
--- !u!1001 &143126397
Prefab:
  m_ObjectHideFlags: 0
  serializedVersion: 2
  m_Modification:
    m_TransformParent: {fileID: 0}
    m_Modifications:
    - target: {fileID: 4589194264604282, guid: dd72c33ba0d52f64893eff7e464be37b, type: 2}
      propertyPath: m_LocalPosition.x
      value: 9.381716
      objectReference: {fileID: 0}
    - target: {fileID: 4589194264604282, guid: dd72c33ba0d52f64893eff7e464be37b, type: 2}
      propertyPath: m_LocalPosition.y
      value: 11.791882
      objectReference: {fileID: 0}
    - target: {fileID: 4589194264604282, guid: dd72c33ba0d52f64893eff7e464be37b, type: 2}
      propertyPath: m_LocalPosition.z
      value: -15.12
      objectReference: {fileID: 0}
    - target: {fileID: 4589194264604282, guid: dd72c33ba0d52f64893eff7e464be37b, type: 2}
      propertyPath: m_LocalRotation.x
      value: -6.1232336e-17
      objectReference: {fileID: 0}
    - target: {fileID: 4589194264604282, guid: dd72c33ba0d52f64893eff7e464be37b, type: 2}
      propertyPath: m_LocalRotation.y
      value: 0.000000021855694
      objectReference: {fileID: 0}
    - target: {fileID: 4589194264604282, guid: dd72c33ba0d52f64893eff7e464be37b, type: 2}
      propertyPath: m_LocalRotation.z
      value: 1
      objectReference: {fileID: 0}
    - target: {fileID: 4589194264604282, guid: dd72c33ba0d52f64893eff7e464be37b, type: 2}
      propertyPath: m_LocalRotation.w
      value: 6.123234e-17
      objectReference: {fileID: 0}
    - target: {fileID: 4589194264604282, guid: dd72c33ba0d52f64893eff7e464be37b, type: 2}
      propertyPath: m_RootOrder
      value: 5
      objectReference: {fileID: 0}
    - target: {fileID: 1555128583605242, guid: dd72c33ba0d52f64893eff7e464be37b, type: 2}
      propertyPath: m_Name
      value: key_yellow
      objectReference: {fileID: 0}
    m_RemovedComponents: []
  m_ParentPrefab: {fileID: 100100000, guid: dd72c33ba0d52f64893eff7e464be37b, type: 2}
  m_IsPrefabParent: 0
--- !u!1001 &266576878
Prefab:
  m_ObjectHideFlags: 0
  serializedVersion: 2
  m_Modification:
    m_TransformParent: {fileID: 0}
    m_Modifications:
    - target: {fileID: 4250014330377394, guid: f105ce4073867064e945876571bd00cd, type: 2}
      propertyPath: m_LocalPosition.x
      value: 1.429049
      objectReference: {fileID: 0}
    - target: {fileID: 4250014330377394, guid: f105ce4073867064e945876571bd00cd, type: 2}
      propertyPath: m_LocalPosition.y
      value: 11.453676
      objectReference: {fileID: 0}
    - target: {fileID: 4250014330377394, guid: f105ce4073867064e945876571bd00cd, type: 2}
      propertyPath: m_LocalPosition.z
      value: -15.556596
      objectReference: {fileID: 0}
    - target: {fileID: 4250014330377394, guid: f105ce4073867064e945876571bd00cd, type: 2}
      propertyPath: m_LocalRotation.x
      value: 0.12205079
      objectReference: {fileID: 0}
    - target: {fileID: 4250014330377394, guid: f105ce4073867064e945876571bd00cd, type: 2}
      propertyPath: m_LocalRotation.y
      value: -0.22187649
      objectReference: {fileID: 0}
    - target: {fileID: 4250014330377394, guid: f105ce4073867064e945876571bd00cd, type: 2}
      propertyPath: m_LocalRotation.z
      value: 0.10267886
      objectReference: {fileID: 0}
    - target: {fileID: 4250014330377394, guid: f105ce4073867064e945876571bd00cd, type: 2}
      propertyPath: m_LocalRotation.w
      value: -0.96194154
      objectReference: {fileID: 0}
    - target: {fileID: 4250014330377394, guid: f105ce4073867064e945876571bd00cd, type: 2}
      propertyPath: m_RootOrder
      value: 4
      objectReference: {fileID: 0}
    - target: {fileID: 1981483276048428, guid: f105ce4073867064e945876571bd00cd, type: 2}
      propertyPath: m_Name
      value: key_red
      objectReference: {fileID: 0}
    m_RemovedComponents: []
  m_ParentPrefab: {fileID: 100100000, guid: f105ce4073867064e945876571bd00cd, type: 2}
  m_IsPrefabParent: 0
--- !u!1001 &568542251
Prefab:
  m_ObjectHideFlags: 0
  serializedVersion: 2
  m_Modification:
    m_TransformParent: {fileID: 0}
    m_Modifications:
    - target: {fileID: 4092050416805836, guid: ec1c18b2cf336d747851d620fe93389c, type: 2}
      propertyPath: m_LocalPosition.x
      value: 3.27
      objectReference: {fileID: 0}
    - target: {fileID: 4092050416805836, guid: ec1c18b2cf336d747851d620fe93389c, type: 2}
      propertyPath: m_LocalPosition.y
      value: 10.95
      objectReference: {fileID: 0}
    - target: {fileID: 4092050416805836, guid: ec1c18b2cf336d747851d620fe93389c, type: 2}
      propertyPath: m_LocalPosition.z
      value: -15.722549
      objectReference: {fileID: 0}
    - target: {fileID: 4092050416805836, guid: ec1c18b2cf336d747851d620fe93389c, type: 2}
      propertyPath: m_LocalRotation.x
      value: -6.1232336e-17
      objectReference: {fileID: 0}
    - target: {fileID: 4092050416805836, guid: ec1c18b2cf336d747851d620fe93389c, type: 2}
      propertyPath: m_LocalRotation.y
      value: 0.000000021855694
      objectReference: {fileID: 0}
    - target: {fileID: 4092050416805836, guid: ec1c18b2cf336d747851d620fe93389c, type: 2}
      propertyPath: m_LocalRotation.z
      value: 1
      objectReference: {fileID: 0}
    - target: {fileID: 4092050416805836, guid: ec1c18b2cf336d747851d620fe93389c, type: 2}
      propertyPath: m_LocalRotation.w
      value: 6.123234e-17
      objectReference: {fileID: 0}
    - target: {fileID: 4092050416805836, guid: ec1c18b2cf336d747851d620fe93389c, type: 2}
      propertyPath: m_RootOrder
      value: 7
      objectReference: {fileID: 0}
    m_RemovedComponents: []
  m_ParentPrefab: {fileID: 100100000, guid: ec1c18b2cf336d747851d620fe93389c, type: 2}
  m_IsPrefabParent: 0
--- !u!1 &620214240
GameObject:
  m_ObjectHideFlags: 0
  m_PrefabParentObject: {fileID: 0}
  m_PrefabInternal: {fileID: 0}
  serializedVersion: 5
  m_Component:
  - component: {fileID: 620214244}
  - component: {fileID: 620214243}
  - component: {fileID: 620214242}
  - component: {fileID: 620214241}
  m_Layer: 0
  m_Name: Main Camera
  m_TagString: MainCamera
  m_Icon: {fileID: 0}
  m_NavMeshLayer: 0
  m_StaticEditorFlags: 0
  m_IsActive: 1
--- !u!81 &620214241
AudioListener:
  m_ObjectHideFlags: 0
  m_PrefabParentObject: {fileID: 0}
  m_PrefabInternal: {fileID: 0}
  m_GameObject: {fileID: 620214240}
  m_Enabled: 1
--- !u!124 &620214242
Behaviour:
  m_ObjectHideFlags: 0
  m_PrefabParentObject: {fileID: 0}
  m_PrefabInternal: {fileID: 0}
  m_GameObject: {fileID: 620214240}
  m_Enabled: 1
--- !u!20 &620214243
Camera:
  m_ObjectHideFlags: 0
  m_PrefabParentObject: {fileID: 0}
  m_PrefabInternal: {fileID: 0}
  m_GameObject: {fileID: 620214240}
  m_Enabled: 1
  serializedVersion: 2
  m_ClearFlags: 1
  m_BackGroundColor: {r: 0.19215687, g: 0.3019608, b: 0.4745098, a: 0}
  m_NormalizedViewPortRect:
    serializedVersion: 2
    x: 0
    y: 0
    width: 1
    height: 1
  near clip plane: 0.3
  far clip plane: 1000
  field of view: 60
  orthographic: 0
  orthographic size: 5
  m_Depth: -1
  m_CullingMask:
    serializedVersion: 2
    m_Bits: 4294967295
  m_RenderingPath: -1
  m_TargetTexture: {fileID: 0}
  m_TargetDisplay: 0
  m_TargetEye: 3
  m_HDR: 1
  m_AllowMSAA: 1
  m_AllowDynamicResolution: 0
  m_ForceIntoRT: 0
  m_OcclusionCulling: 1
  m_StereoConvergence: 10
  m_StereoSeparation: 0.022
--- !u!4 &620214244
Transform:
  m_ObjectHideFlags: 0
  m_PrefabParentObject: {fileID: 0}
  m_PrefabInternal: {fileID: 0}
  m_GameObject: {fileID: 620214240}
  m_LocalRotation: {x: 0, y: 0, z: 0, w: 1}
  m_LocalPosition: {x: 0, y: 1, z: -10}
  m_LocalScale: {x: 1, y: 1, z: 1}
  m_Children: []
  m_Father: {fileID: 0}
  m_RootOrder: 0
  m_LocalEulerAnglesHint: {x: 0, y: 0, z: 0}
--- !u!1001 &718644929
Prefab:
  m_ObjectHideFlags: 0
  serializedVersion: 2
  m_Modification:
    m_TransformParent: {fileID: 0}
    m_Modifications:
    - target: {fileID: 4136135192021112, guid: a1cf91e48aa0e79478f820f3963e02b4, type: 2}
      propertyPath: m_LocalPosition.x
      value: 9.2
      objectReference: {fileID: 0}
    - target: {fileID: 4136135192021112, guid: a1cf91e48aa0e79478f820f3963e02b4, type: 2}
      propertyPath: m_LocalPosition.y
      value: 5
      objectReference: {fileID: 0}
    - target: {fileID: 4136135192021112, guid: a1cf91e48aa0e79478f820f3963e02b4, type: 2}
      propertyPath: m_LocalPosition.z
      value: 1.81
      objectReference: {fileID: 0}
    - target: {fileID: 4136135192021112, guid: a1cf91e48aa0e79478f820f3963e02b4, type: 2}
      propertyPath: m_LocalRotation.x
      value: -0.000000030908623
      objectReference: {fileID: 0}
    - target: {fileID: 4136135192021112, guid: a1cf91e48aa0e79478f820f3963e02b4, type: 2}
      propertyPath: m_LocalRotation.y
      value: 0.7071068
      objectReference: {fileID: 0}
    - target: {fileID: 4136135192021112, guid: a1cf91e48aa0e79478f820f3963e02b4, type: 2}
      propertyPath: m_LocalRotation.z
      value: 0.7071068
      objectReference: {fileID: 0}
    - target: {fileID: 4136135192021112, guid: a1cf91e48aa0e79478f820f3963e02b4, type: 2}
      propertyPath: m_LocalRotation.w
      value: 0.000000030908623
      objectReference: {fileID: 0}
    - target: {fileID: 4136135192021112, guid: a1cf91e48aa0e79478f820f3963e02b4, type: 2}
      propertyPath: m_RootOrder
      value: 3
      objectReference: {fileID: 0}
    m_RemovedComponents: []
  m_ParentPrefab: {fileID: 100100000, guid: a1cf91e48aa0e79478f820f3963e02b4, type: 2}
  m_IsPrefabParent: 0
--- !u!1 &1144776391
GameObject:
  m_ObjectHideFlags: 0
  m_PrefabParentObject: {fileID: 0}
  m_PrefabInternal: {fileID: 0}
  serializedVersion: 5
  m_Component:
  - component: {fileID: 1144776393}
  - component: {fileID: 1144776392}
  m_Layer: 0
  m_Name: Directional Light
  m_TagString: Untagged
  m_Icon: {fileID: 0}
  m_NavMeshLayer: 0
  m_StaticEditorFlags: 0
  m_IsActive: 1
--- !u!108 &1144776392
Light:
  m_ObjectHideFlags: 0
  m_PrefabParentObject: {fileID: 0}
  m_PrefabInternal: {fileID: 0}
  m_GameObject: {fileID: 1144776391}
  m_Enabled: 1
  serializedVersion: 8
  m_Type: 1
  m_Color: {r: 1, g: 0.95686275, b: 0.8392157, a: 1}
  m_Intensity: 1
  m_Range: 10
  m_SpotAngle: 30
  m_CookieSize: 10
  m_Shadows:
    m_Type: 2
    m_Resolution: -1
    m_CustomResolution: -1
    m_Strength: 1
    m_Bias: 0.05
    m_NormalBias: 0.4
    m_NearPlane: 0.2
  m_Cookie: {fileID: 0}
  m_DrawHalo: 0
  m_Flare: {fileID: 0}
  m_RenderMode: 0
  m_CullingMask:
    serializedVersion: 2
    m_Bits: 4294967295
  m_Lightmapping: 4
  m_AreaSize: {x: 1, y: 1}
  m_BounceIntensity: 1
  m_ColorTemperature: 6570
  m_UseColorTemperature: 0
  m_ShadowRadius: 0
  m_ShadowAngle: 0
--- !u!4 &1144776393
Transform:
  m_ObjectHideFlags: 0
  m_PrefabParentObject: {fileID: 0}
  m_PrefabInternal: {fileID: 0}
  m_GameObject: {fileID: 1144776391}
  m_LocalRotation: {x: 0.40821788, y: -0.23456968, z: 0.10938163, w: 0.8754261}
  m_LocalPosition: {x: 0, y: 3, z: 0}
  m_LocalScale: {x: 1, y: 1, z: 1}
  m_Children: []
  m_Father: {fileID: 0}
  m_RootOrder: 11
  m_LocalEulerAnglesHint: {x: 50, y: -30, z: 0}
--- !u!1 &1206308393
GameObject:
  m_ObjectHideFlags: 0
  m_PrefabParentObject: {fileID: 0}
  m_PrefabInternal: {fileID: 0}
  serializedVersion: 5
  m_Component:
  - component: {fileID: 1206308398}
  - component: {fileID: 1206308397}
  - component: {fileID: 1206308396}
  - component: {fileID: 1206308395}
  - component: {fileID: 1206308394}
  m_Layer: 0
  m_Name: Main Camera
  m_TagString: MainCamera
  m_Icon: {fileID: 0}
  m_NavMeshLayer: 0
  m_StaticEditorFlags: 0
  m_IsActive: 1
--- !u!81 &1206308394
AudioListener:
  m_ObjectHideFlags: 0
  m_PrefabParentObject: {fileID: 0}
  m_PrefabInternal: {fileID: 0}
  m_GameObject: {fileID: 1206308393}
  m_Enabled: 1
--- !u!124 &1206308395
Behaviour:
  m_ObjectHideFlags: 0
  m_PrefabParentObject: {fileID: 0}
  m_PrefabInternal: {fileID: 0}
  m_GameObject: {fileID: 1206308393}
  m_Enabled: 1
--- !u!92 &1206308396
Behaviour:
  m_ObjectHideFlags: 0
  m_PrefabParentObject: {fileID: 0}
  m_PrefabInternal: {fileID: 0}
  m_GameObject: {fileID: 1206308393}
  m_Enabled: 1
--- !u!20 &1206308397
Camera:
  m_ObjectHideFlags: 0
  m_PrefabParentObject: {fileID: 0}
  m_PrefabInternal: {fileID: 0}
  m_GameObject: {fileID: 1206308393}
  m_Enabled: 1
  serializedVersion: 2
  m_ClearFlags: 1
  m_BackGroundColor: {r: 0.19215687, g: 0.3019608, b: 0.4745098, a: 0}
  m_NormalizedViewPortRect:
    serializedVersion: 2
    x: 0
    y: 0
    width: 1
    height: 1
  near clip plane: 0.3
  far clip plane: 1000
  field of view: 60
  orthographic: 0
  orthographic size: 5
  m_Depth: -1
  m_CullingMask:
    serializedVersion: 2
    m_Bits: 4294967295
  m_RenderingPath: -1
  m_TargetTexture: {fileID: 0}
  m_TargetDisplay: 0
  m_TargetEye: 3
  m_HDR: 0
  m_AllowMSAA: 1
  m_AllowDynamicResolution: 0
  m_ForceIntoRT: 0
  m_OcclusionCulling: 1
  m_StereoConvergence: 10
  m_StereoSeparation: 0.022
--- !u!4 &1206308398
Transform:
  m_ObjectHideFlags: 0
  m_PrefabParentObject: {fileID: 0}
  m_PrefabInternal: {fileID: 0}
  m_GameObject: {fileID: 1206308393}
  m_LocalRotation: {x: 0, y: 0, z: 0, w: 1}
  m_LocalPosition: {x: 0, y: 1, z: -10}
  m_LocalScale: {x: 1, y: 1, z: 1}
  m_Children: []
  m_Father: {fileID: 0}
  m_RootOrder: 10
  m_LocalEulerAnglesHint: {x: 0, y: 0, z: 0}
--- !u!1001 &1215705023
Prefab:
  m_ObjectHideFlags: 0
  serializedVersion: 2
  m_Modification:
    m_TransformParent: {fileID: 0}
    m_Modifications:
    - target: {fileID: 4280573995637982, guid: abee4432ed80bc54890a338fc49d3570, type: 2}
      propertyPath: m_LocalPosition.x
      value: 16.928894
      objectReference: {fileID: 0}
    - target: {fileID: 4280573995637982, guid: abee4432ed80bc54890a338fc49d3570, type: 2}
      propertyPath: m_LocalPosition.y
      value: 12.928196
      objectReference: {fileID: 0}
    - target: {fileID: 4280573995637982, guid: abee4432ed80bc54890a338fc49d3570, type: 2}
      propertyPath: m_LocalPosition.z
      value: -13.415328
      objectReference: {fileID: 0}
    - target: {fileID: 4280573995637982, guid: abee4432ed80bc54890a338fc49d3570, type: 2}
      propertyPath: m_LocalRotation.x
      value: 0.000000021855694
      objectReference: {fileID: 0}
    - target: {fileID: 4280573995637982, guid: abee4432ed80bc54890a338fc49d3570, type: 2}
      propertyPath: m_LocalRotation.y
      value: -0
      objectReference: {fileID: 0}
    - target: {fileID: 4280573995637982, guid: abee4432ed80bc54890a338fc49d3570, type: 2}
      propertyPath: m_LocalRotation.z
      value: -0
      objectReference: {fileID: 0}
    - target: {fileID: 4280573995637982, guid: abee4432ed80bc54890a338fc49d3570, type: 2}
      propertyPath: m_LocalRotation.w
      value: 1
      objectReference: {fileID: 0}
    - target: {fileID: 4280573995637982, guid: abee4432ed80bc54890a338fc49d3570, type: 2}
      propertyPath: m_RootOrder
      value: 2
      objectReference: {fileID: 0}
    m_RemovedComponents: []
  m_ParentPrefab: {fileID: 100100000, guid: abee4432ed80bc54890a338fc49d3570, type: 2}
  m_IsPrefabParent: 0
--- !u!1 &1313974234
GameObject:
  m_ObjectHideFlags: 0
  m_PrefabParentObject: {fileID: 0}
  m_PrefabInternal: {fileID: 0}
  serializedVersion: 5
  m_Component:
  - component: {fileID: 1313974236}
  - component: {fileID: 1313974235}
  m_Layer: 0
  m_Name: Directional Light
  m_TagString: Untagged
  m_Icon: {fileID: 0}
  m_NavMeshLayer: 0
  m_StaticEditorFlags: 0
  m_IsActive: 1
--- !u!108 &1313974235
Light:
  m_ObjectHideFlags: 0
  m_PrefabParentObject: {fileID: 0}
  m_PrefabInternal: {fileID: 0}
  m_GameObject: {fileID: 1313974234}
  m_Enabled: 1
  serializedVersion: 8
  m_Type: 1
  m_Color: {r: 1, g: 0.95686275, b: 0.8392157, a: 1}
  m_Intensity: 1
  m_Range: 10
  m_SpotAngle: 30
  m_CookieSize: 10
  m_Shadows:
    m_Type: 2
    m_Resolution: -1
    m_CustomResolution: -1
    m_Strength: 1
    m_Bias: 0.05
    m_NormalBias: 0.4
    m_NearPlane: 0.2
  m_Cookie: {fileID: 0}
  m_DrawHalo: 0
  m_Flare: {fileID: 0}
  m_RenderMode: 0
  m_CullingMask:
    serializedVersion: 2
    m_Bits: 4294967295
  m_Lightmapping: 4
  m_AreaSize: {x: 1, y: 1}
  m_BounceIntensity: 1
  m_ColorTemperature: 6570
  m_UseColorTemperature: 0
  m_ShadowRadius: 0
  m_ShadowAngle: 0
--- !u!4 &1313974236
Transform:
  m_ObjectHideFlags: 0
  m_PrefabParentObject: {fileID: 0}
  m_PrefabInternal: {fileID: 0}
  m_GameObject: {fileID: 1313974234}
  m_LocalRotation: {x: 0.83382726, y: -0.38392052, z: -0.113406226, w: 0.3801002}
  m_LocalPosition: {x: 5.45, y: 2.82, z: 10009.27}
  m_LocalScale: {x: 1, y: 1, z: 1}
  m_Children: []
  m_Father: {fileID: 0}
  m_RootOrder: 8
  m_LocalEulerAnglesHint: {x: 146.85199, y: 35.061996, z: 60.186996}
--- !u!1 &1425157348
GameObject:
  m_ObjectHideFlags: 0
  m_PrefabParentObject: {fileID: 0}
  m_PrefabInternal: {fileID: 0}
  serializedVersion: 5
  m_Component:
  - component: {fileID: 1425157350}
  - component: {fileID: 1425157349}
  m_Layer: 0
  m_Name: Controller
  m_TagString: Untagged
  m_Icon: {fileID: 0}
  m_NavMeshLayer: 0
  m_StaticEditorFlags: 0
  m_IsActive: 1
--- !u!114 &1425157349
MonoBehaviour:
  m_ObjectHideFlags: 0
  m_PrefabParentObject: {fileID: 0}
  m_PrefabInternal: {fileID: 0}
  m_GameObject: {fileID: 1425157348}
  m_Enabled: 1
  m_EditorHideFlags: 0
  m_Script: {fileID: 11500000, guid: 9e25e19b8dd39ad42ab9535b6bf0e59c, type: 3}
  m_Name: 
  m_EditorClassIdentifier: 
--- !u!4 &1425157350
Transform:
  m_ObjectHideFlags: 0
  m_PrefabParentObject: {fileID: 0}
  m_PrefabInternal: {fileID: 0}
  m_GameObject: {fileID: 1425157348}
  m_LocalRotation: {x: 0, y: 0, z: 0, w: 1}
  m_LocalPosition: {x: 9.2, y: 7.02, z: 1.81}
  m_LocalScale: {x: 1, y: 1, z: 1}
  m_Children: []
  m_Father: {fileID: 0}
  m_RootOrder: 13
  m_LocalEulerAnglesHint: {x: 0, y: 0, z: 0}
--- !u!1 &1505808011
GameObject:
  m_ObjectHideFlags: 0
  m_PrefabParentObject: {fileID: 0}
  m_PrefabInternal: {fileID: 0}
  serializedVersion: 5
  m_Component:
  - component: {fileID: 1505808016}
  - component: {fileID: 1505808015}
  - component: {fileID: 1505808014}
  - component: {fileID: 1505808013}
  - component: {fileID: 1505808012}
  m_Layer: 0
  m_Name: hero
  m_TagString: Untagged
  m_Icon: {fileID: 0}
  m_NavMeshLayer: 0
  m_StaticEditorFlags: 0
  m_IsActive: 1
--- !u!114 &1505808012
MonoBehaviour:
  m_ObjectHideFlags: 0
  m_PrefabParentObject: {fileID: 0}
  m_PrefabInternal: {fileID: 0}
  m_GameObject: {fileID: 1505808011}
  m_Enabled: 1
  m_EditorHideFlags: 0
  m_Script: {fileID: 11500000, guid: 2532454b7904a7e44b73554f7f70b076, type: 3}
  m_Name: 
  m_EditorClassIdentifier: 
--- !u!23 &1505808013
MeshRenderer:
  m_ObjectHideFlags: 0
  m_PrefabParentObject: {fileID: 0}
  m_PrefabInternal: {fileID: 0}
  m_GameObject: {fileID: 1505808011}
  m_Enabled: 1
  m_CastShadows: 1
  m_ReceiveShadows: 1
  m_DynamicOccludee: 1
  m_MotionVectors: 1
  m_LightProbeUsage: 1
  m_ReflectionProbeUsage: 1
  m_Materials:
  - {fileID: 2100000, guid: 1c818dd0c23747f4abf75d03a5c28c85, type: 2}
  m_StaticBatchInfo:
    firstSubMesh: 0
    subMeshCount: 0
  m_StaticBatchRoot: {fileID: 0}
  m_ProbeAnchor: {fileID: 0}
  m_LightProbeVolumeOverride: {fileID: 0}
  m_ScaleInLightmap: 1
  m_PreserveUVs: 1
  m_IgnoreNormalsForChartDetection: 0
  m_ImportantGI: 0
  m_StitchLightmapSeams: 0
  m_SelectedEditorRenderState: 3
  m_MinimumChartSize: 4
  m_AutoUVMaxDistance: 0.5
  m_AutoUVMaxAngle: 89
  m_LightmapParameters: {fileID: 0}
  m_SortingLayerID: 0
  m_SortingLayer: 0
  m_SortingOrder: 0
--- !u!65 &1505808014
BoxCollider:
  m_ObjectHideFlags: 0
  m_PrefabParentObject: {fileID: 0}
  m_PrefabInternal: {fileID: 0}
  m_GameObject: {fileID: 1505808011}
  m_Material: {fileID: 0}
  m_IsTrigger: 0
  m_Enabled: 1
  serializedVersion: 2
  m_Size: {x: 1, y: 1, z: 1}
  m_Center: {x: 0, y: 0, z: 0}
--- !u!33 &1505808015
MeshFilter:
  m_ObjectHideFlags: 0
  m_PrefabParentObject: {fileID: 0}
  m_PrefabInternal: {fileID: 0}
  m_GameObject: {fileID: 1505808011}
  m_Mesh: {fileID: 10202, guid: 0000000000000000e000000000000000, type: 0}
--- !u!4 &1505808016
Transform:
  m_ObjectHideFlags: 0
  m_PrefabParentObject: {fileID: 0}
  m_PrefabInternal: {fileID: 0}
  m_GameObject: {fileID: 1505808011}
  m_LocalRotation: {x: 0, y: 0, z: 0, w: 1}
  m_LocalPosition: {x: 7.06, y: 5, z: 1.8}
  m_LocalScale: {x: 1, y: 1, z: 1}
  m_Children: []
  m_Father: {fileID: 0}
  m_RootOrder: 9
  m_LocalEulerAnglesHint: {x: 0, y: 0, z: 0}
--- !u!1 &1519913356
GameObject:
  m_ObjectHideFlags: 0
  m_PrefabParentObject: {fileID: 0}
  m_PrefabInternal: {fileID: 0}
  serializedVersion: 5
  m_Component:
  - component: {fileID: 1519913360}
  - component: {fileID: 1519913359}
  - component: {fileID: 1519913358}
  - component: {fileID: 1519913357}
  - component: {fileID: 1519913361}
  m_Layer: 0
  m_Name: monster
  m_TagString: Untagged
  m_Icon: {fileID: 0}
  m_NavMeshLayer: 0
  m_StaticEditorFlags: 0
  m_IsActive: 1
--- !u!23 &1519913357
MeshRenderer:
  m_ObjectHideFlags: 0
  m_PrefabParentObject: {fileID: 0}
  m_PrefabInternal: {fileID: 0}
  m_GameObject: {fileID: 1519913356}
  m_Enabled: 1
  m_CastShadows: 1
  m_ReceiveShadows: 1
  m_DynamicOccludee: 1
  m_MotionVectors: 1
  m_LightProbeUsage: 1
  m_ReflectionProbeUsage: 1
  m_Materials:
  - {fileID: 10303, guid: 0000000000000000f000000000000000, type: 0}
  m_StaticBatchInfo:
    firstSubMesh: 0
    subMeshCount: 0
  m_StaticBatchRoot: {fileID: 0}
  m_ProbeAnchor: {fileID: 0}
  m_LightProbeVolumeOverride: {fileID: 0}
  m_ScaleInLightmap: 1
  m_PreserveUVs: 1
  m_IgnoreNormalsForChartDetection: 0
  m_ImportantGI: 0
  m_StitchLightmapSeams: 0
  m_SelectedEditorRenderState: 3
  m_MinimumChartSize: 4
  m_AutoUVMaxDistance: 0.5
  m_AutoUVMaxAngle: 89
  m_LightmapParameters: {fileID: 0}
  m_SortingLayerID: 0
  m_SortingLayer: 0
  m_SortingOrder: 0
--- !u!135 &1519913358
SphereCollider:
  m_ObjectHideFlags: 0
  m_PrefabParentObject: {fileID: 0}
  m_PrefabInternal: {fileID: 0}
  m_GameObject: {fileID: 1519913356}
  m_Material: {fileID: 0}
  m_IsTrigger: 0
  m_Enabled: 1
  serializedVersion: 2
  m_Radius: 0.5
  m_Center: {x: 0, y: 0, z: 0}
--- !u!33 &1519913359
MeshFilter:
  m_ObjectHideFlags: 0
  m_PrefabParentObject: {fileID: 0}
  m_PrefabInternal: {fileID: 0}
  m_GameObject: {fileID: 1519913356}
  m_Mesh: {fileID: 10207, guid: 0000000000000000e000000000000000, type: 0}
--- !u!4 &1519913360
Transform:
  m_ObjectHideFlags: 0
  m_PrefabParentObject: {fileID: 0}
  m_PrefabInternal: {fileID: 0}
  m_GameObject: {fileID: 1519913356}
  m_LocalRotation: {x: 0, y: 0, z: 0, w: 1}
  m_LocalPosition: {x: 10, y: 0, z: 10}
  m_LocalScale: {x: 1, y: 1, z: 1}
  m_Children: []
  m_Father: {fileID: 0}
  m_RootOrder: 12
  m_LocalEulerAnglesHint: {x: 0, y: 0, z: 0}
--- !u!114 &1519913361
MonoBehaviour:
  m_ObjectHideFlags: 0
  m_PrefabParentObject: {fileID: 0}
  m_PrefabInternal: {fileID: 0}
  m_GameObject: {fileID: 1519913356}
  m_Enabled: 1
  m_EditorHideFlags: 0
  m_Script: {fileID: 11500000, guid: cb7ca752384de2549ad100d6db4c02cd, type: 3}
  m_Name: 
  m_EditorClassIdentifier: 
--- !u!1001 &1938817017
Prefab:
  m_ObjectHideFlags: 0
  serializedVersion: 2
  m_Modification:
    m_TransformParent: {fileID: 0}
    m_Modifications:
    - target: {fileID: 4173843932054514, guid: 9c278eca5ac7e5b4b8c26eefa676b072, type: 2}
      propertyPath: m_LocalPosition.x
      value: 15.51383
      objectReference: {fileID: 0}
    - target: {fileID: 4173843932054514, guid: 9c278eca5ac7e5b4b8c26eefa676b072, type: 2}
      propertyPath: m_LocalPosition.y
      value: 13.1
      objectReference: {fileID: 0}
    - target: {fileID: 4173843932054514, guid: 9c278eca5ac7e5b4b8c26eefa676b072, type: 2}
      propertyPath: m_LocalPosition.z
      value: -13.93
      objectReference: {fileID: 0}
    - target: {fileID: 4173843932054514, guid: 9c278eca5ac7e5b4b8c26eefa676b072, type: 2}
      propertyPath: m_LocalRotation.x
      value: 0.000000021855694
      objectReference: {fileID: 0}
    - target: {fileID: 4173843932054514, guid: 9c278eca5ac7e5b4b8c26eefa676b072, type: 2}
      propertyPath: m_LocalRotation.y
      value: -0
      objectReference: {fileID: 0}
    - target: {fileID: 4173843932054514, guid: 9c278eca5ac7e5b4b8c26eefa676b072, type: 2}
      propertyPath: m_LocalRotation.z
      value: -0
      objectReference: {fileID: 0}
    - target: {fileID: 4173843932054514, guid: 9c278eca5ac7e5b4b8c26eefa676b072, type: 2}
      propertyPath: m_LocalRotation.w
      value: 1
      objectReference: {fileID: 0}
    - target: {fileID: 4173843932054514, guid: 9c278eca5ac7e5b4b8c26eefa676b072, type: 2}
      propertyPath: m_RootOrder
      value: 6
      objectReference: {fileID: 0}
    - target: {fileID: 1768232180638166, guid: 9c278eca5ac7e5b4b8c26eefa676b072, type: 2}
      propertyPath: m_Name
      value: potion_blue
      objectReference: {fileID: 0}
    m_RemovedComponents: []
  m_ParentPrefab: {fileID: 100100000, guid: 9c278eca5ac7e5b4b8c26eefa676b072, type: 2}
  m_IsPrefabParent: 0
--- !u!1001 &2111881830
Prefab:
  m_ObjectHideFlags: 0
  serializedVersion: 2
  m_Modification:
    m_TransformParent: {fileID: 0}
    m_Modifications:
    - target: {fileID: 4434746809608572, guid: 298fd435c2077894ca83aa5792aaa506, type: 2}
      propertyPath: m_LocalPosition.x
      value: 4.4299483
      objectReference: {fileID: 0}
    - target: {fileID: 4434746809608572, guid: 298fd435c2077894ca83aa5792aaa506, type: 2}
      propertyPath: m_LocalPosition.y
      value: 7.0159364
      objectReference: {fileID: 0}
    - target: {fileID: 4434746809608572, guid: 298fd435c2077894ca83aa5792aaa506, type: 2}
      propertyPath: m_LocalPosition.z
      value: -3.4901276
      objectReference: {fileID: 0}
    - target: {fileID: 4434746809608572, guid: 298fd435c2077894ca83aa5792aaa506, type: 2}
      propertyPath: m_LocalRotation.x
      value: -0.000000029347232
      objectReference: {fileID: 0}
    - target: {fileID: 4434746809608572, guid: 298fd435c2077894ca83aa5792aaa506, type: 2}
      propertyPath: m_LocalRotation.y
      value: 0.7411076
      objectReference: {fileID: 0}
    - target: {fileID: 4434746809608572, guid: 298fd435c2077894ca83aa5792aaa506, type: 2}
      propertyPath: m_LocalRotation.z
      value: 0.67138636
      objectReference: {fileID: 0}
    - target: {fileID: 4434746809608572, guid: 298fd435c2077894ca83aa5792aaa506, type: 2}
      propertyPath: m_LocalRotation.w
      value: 0.000000032394844
      objectReference: {fileID: 0}
    - target: {fileID: 4434746809608572, guid: 298fd435c2077894ca83aa5792aaa506, type: 2}
      propertyPath: m_RootOrder
      value: 1
      objectReference: {fileID: 0}
    m_RemovedComponents: []
  m_ParentPrefab: {fileID: 100100000, guid: 298fd435c2077894ca83aa5792aaa506, type: 2}
  m_IsPrefabParent: 0
